@misc{olympic-inf,
	title="Olypic games [Электронный ресурс]",
	howpublished="Режим доступа: \url{https://olympics.com/ru/} (дата обращения: 01.06.2021)"
}

@misc{role-m,
	title="Implementing Role Based Security in a Web App [Электронный ресурс]",
	howpublished="Режим доступа: \url{https://medium.com/bluecore-engineering/implementing-role-based-security-in-a-web-app-89b66d1410e4} (дата обращения: 01.06.2021)"
}

@misc{database,
	title="Что такое база данных | Oracle Россия и СНГ [Электронный ресурс]",
	howpublished="Режим доступа: \url{https://www.oracle.com/ru/database/what-is-database/} (дата обращения: 07.06.2021)"
}

@misc{subd,
	title="Что такое СУБД - RU-CENTER [Электронный ресурс]",
	howpublished="Режим доступа: \url{https://www.nic.ru/help/chto-takoe-subd_8580.html} (дата обращения: 07.06.2021)"
}

@misc{agr-f,
	title="Агрегатные функции (Transact-SQL) [Электронный ресурс]",
	howpublished="Режим доступа: \url{https://docs.microsoft.com/ru-ru/sql/t-sql/functions/aggregate-functions-transact-sql?view=sql-server-ver15} (дата обращения: 07.06.2021)"
}

@misc{oltp,
	title="What is OLTP? | IBM [Электронный ресурс]",
	howpublished="Режим доступа: \url{https://www.ibm.com/cloud/learn/oltp} (дата обращения: 07.06.2021)"
}

@misc{olap,
	title="What is OLAP? | IBM [Электронный ресурс]",
	howpublished="Режим доступа: \url{https://www.ibm.com/cloud/learn/olap} (дата обращения: 07.06.2021)"
}


@misc{olap-cube,
	title="Общие сведения о кубах OLAP в Service Manager для расширенной аналитики",
	howpublished="Режим доступа: \url{https://docs.microsoft.com/ru-ru/system-center/scsm/olap-cubes-overview?view=sc-sm-2019} (дата обращения: 07.06.2021)"
}

@misc{postgresql,
	title="PostgreSQL: Документация. [Электронный ресурс]",
	howpublished="Режим доступа: \url{https://postgrespro.ru/docs/postgresql/} (дата обращения: 07.06.2021)"
}

@misc{oracle,
	title="SQL Language | Oracle[Электронный ресурс]",
	howpublished="Режим доступа: \url{https://www.oracle.com/database/technologies/appdev/sql.html} (дата обращения: 07.06.2021)"
}

@misc{mysql,
	title="MySQL Database Service is a fully managed database service to deploy cloud-native applications. [Электронный ресурс]",
	howpublished="Режим доступа: \url{https://www.mysql.com/} (дата обращения: 07.06.2021)"
}

@misc{python,
	title="The official home of the Python Programming Language. [Электронный ресурс]",
	howpublished="Режим доступа: \url{https://www.python.org/} (дата обращения: 07.06.2021)"
}


@misc{cube-operations,
	title="Cube, Dimensions, Facts and Measures. [Электронный ресурс]",
	howpublished="Режим доступа: \url{https://cubes.readthedocs.io/en/v1.0.1/introduction.html#cube-dimensions-facts-and-measures} (дата обращения: 07.06.2021)"
}

@misc{cube-schemas,
	title="Schemas and Models. [Электронный ресурс]",
	howpublished="Режим доступа: \url{https://cubes.readthedocs.io/en/v1.0.1/schemas.html} (дата обращения: 07.06.2021)"
}

@misc{cube-lib,
	title="Cubes - OLAP Framework. [Электронный ресурс]",
	howpublished="Режим доступа: \url{https://cubes.readthedocs.io/en/v1.0.1/index.html} (дата обращения: 07.06.2021)"
}

@misc{requests-lib,
	title="Requests. [Электронный ресурс]",
	howpublished="Режим доступа: \url{https://docs.python-requests.org/en/latest/} (дата обращения: 07.06.2021)"
}

